<record><leader>00000cas a22000007a 4500</leader><controlfield tag="001">23125801</controlfield><controlfield tag="008">910220d19211921couwr ne      0    0eng d</controlfield><datafield ind1=" " ind2=" " tag="010"><subfield code="a">sn 91052149 </subfield></datafield><datafield ind1=" " ind2=" " tag="040"><subfield code="a">CNQ</subfield><subfield code="b">eng</subfield><subfield code="c">CNQ</subfield><subfield code="d">OCLCQ</subfield></datafield><datafield ind1=" " ind2=" " tag="042"><subfield code="a">msc</subfield></datafield><datafield ind1="0" ind2=" " tag="130"><subfield code="a">De Beque new era (De Beque, Colo. : 1921)</subfield></datafield><datafield ind1="1" ind2="0" tag="245"><subfield code="a">De Beque new era.</subfield></datafield><datafield ind1=" " ind2=" " tag="260"><subfield code="a">De Beque, Mesa County, Colo. :</subfield><subfield code="b">L.G. Schwalenberg</subfield></datafield><datafield ind1=" " ind2=" " tag="300"><subfield code="a">v.</subfield></datafield><datafield ind1=" " ind2=" " tag="310"><subfield code="a">Weekly</subfield></datafield><datafield ind1="0" ind2=" " tag="362"><subfield code="a">Vol. 23, no. 1 (Jan. 1, 1921)-v. 23, no. 15 (Apr. 9, 1921).</subfield></datafield><datafield ind1=" " ind2=" " tag="530"><subfield code="a">Available on microfilm from the Colorado Historical Society.</subfield></datafield><datafield ind1=" " ind2=" " tag="752"><subfield code="a">United States</subfield><subfield code="b">Colorado</subfield><subfield code="c">Mesa</subfield><subfield code="d">De Beque.</subfield></datafield><datafield ind1="0" ind2="0" tag="780"><subfield code="t">New era (De Beque, Colo.)</subfield><subfield code="w">(DLC)sn 91052148</subfield></datafield><datafield ind1="0" ind2="0" tag="785"><subfield code="t">De Beque shale and oil news</subfield><subfield code="w">(DLC)sn 91052150</subfield></datafield></record>